% global.bib
% רשימת מקורות מלאה לספר - פרק 9
% פורמט: IEEE Style
% כל ערך חייב לכלול: keywords={english}, langid={english}

% ===== פרק 1 =====

@book{strang2019,
  author    = {Gilbert Strang},
  title     = {Linear Algebra and Learning from Data},
  publisher = {Wellesley-Cambridge Press},
  address   = {Wellesley, MA, USA},
  year      = {2019},
  keywords  = {english},
  langid    = {english}
}

@inproceedings{mikolov2013,
  author    = {Tomas Mikolov and Kai Chen and Greg Corrado and Jeffrey Dean},
  title     = {Efficient Estimation of Word Representations in Vector Space},
  booktitle = {Proceedings of the International Conference on Learning Representations (ICLR)},
  year      = {2013},
  keywords  = {english},
  langid    = {english}
}

@article{harris1954,
  author   = {Zellig S. Harris},
  title    = {Distributional Structure},
  journal  = {Word},
  volume   = {10},
  number   = {2-3},
  pages    = {146--162},
  year     = {1954},
  keywords = {english},
  langid   = {english}
}

@inproceedings{caliskan2017,
  author    = {Aylin Caliskan and Joanna J. Bryson and Arvind Narayanan},
  title     = {Semantics Derived Automatically from Language Corpora Contain Human-like Biases},
  journal   = {Science},
  volume    = {356},
  number    = {6334},
  pages     = {183--186},
  year      = {2017},
  keywords  = {english},
  langid    = {english}
}

@inproceedings{bolukbasi2016,
  author    = {Tolga Bolukbasi and Kai-Wei Chang and James Zou and Venkatesh Saligrama and Adam Kalai},
  title     = {Man is to Computer Programmer as Woman is to Homemaker? Debiasing Word Embeddings},
  booktitle = {Advances in Neural Information Processing Systems (NeurIPS)},
  volume    = {29},
  year      = {2016},
  keywords  = {english},
  langid    = {english}
}

@book{goodfellow2016,
  author    = {Ian Goodfellow and Yoshua Bengio and Aaron Courville},
  title     = {Deep Learning},
  publisher = {MIT Press},
  address   = {Cambridge, MA, USA},
  year      = {2016},
  keywords  = {english},
  langid    = {english}
}

% ===== פרק 2 =====

@book{bellman1957,
  author    = {Richard E. Bellman},
  title     = {Dynamic Programming},
  publisher = {Princeton University Press},
  address   = {Princeton, NJ, USA},
  year      = {1957},
  keywords  = {english},
  langid    = {english}
}

@article{beyer1999,
  author   = {Kevin Beyer and Jonathan Goldstein and Raghu Ramakrishnan and Uri Shaft},
  title    = {When Is "Nearest Neighbor" Meaningful?},
  journal  = {Lecture Notes in Computer Science},
  volume   = {1540},
  pages    = {217--235},
  year     = {1999},
  keywords = {english},
  langid   = {english}
}

@article{aggarwal2001,
  author   = {Charu C. Aggarwal and Alexander Hinneburg and Daniel A. Keim},
  title    = {On the Surprising Behavior of Distance Metrics in High Dimensional Space},
  journal  = {Lecture Notes in Computer Science},
  volume   = {1973},
  pages    = {420--434},
  year     = {2001},
  keywords  = {english},
  langid   = {english}
}

@article{fix1951,
  author   = {Evelyn Fix and Joseph L. Hodges},
  title    = {Discriminatory Analysis: Nonparametric Discrimination: Consistency Properties},
  journal  = {Technical Report, USAF School of Aviation Medicine},
  year     = {1951},
  keywords = {english},
  langid   = {english}
}

@article{vapnik1971,
  author   = {Vladimir N. Vapnik and Alexey Y. Chervonenkis},
  title    = {On the Uniform Convergence of Relative Frequencies of Events to Their Probabilities},
  journal  = {Theory of Probability and Its Applications},
  volume   = {16},
  number   = {2},
  pages    = {264--280},
  year     = {1971},
  keywords = {english},
  langid   = {english}
}

@inproceedings{deng2009,
  author    = {Jia Deng and Wei Dong and Richard Socher and Li-Jia Li and Kai Li and Li Fei-Fei},
  title     = {ImageNet: A Large-Scale Hierarchical Image Database},
  booktitle = {Proceedings of the IEEE Conference on Computer Vision and Pattern Recognition (CVPR)},
  year      = {2009},
  pages     = {248--255},
  keywords  = {english},
  langid    = {english}
}

@article{lecun1989,
  author   = {Yann LeCun and Bernhard Boser and John S. Denker and Donnie Henderson and Richard E. Howard and Wayne Hubbard and Lawrence D. Jackel},
  title    = {Backpropagation Applied to Handwritten Zip Code Recognition},
  journal  = {Neural Computation},
  volume   = {1},
  number   = {4},
  pages    = {541--551},
  year     = {1989},
  keywords = {english},
  langid   = {english}
}

@inproceedings{lecun1998,
  author    = {Yann LeCun and L\'{e}on Bottou and Yoshua Bengio and Patrick Haffner},
  title     = {Gradient-Based Learning Applied to Document Recognition},
  journal   = {Proceedings of the IEEE},
  volume    = {86},
  number    = {11},
  pages     = {2278--2324},
  year      = {1998},
  keywords  = {english},
  langid    = {english}
}

@inproceedings{krizhevsky2012,
  author    = {Alex Krizhevsky and Ilya Sutskever and Geoffrey E. Hinton},
  title     = {ImageNet Classification with Deep Convolutional Neural Networks},
  booktitle = {Advances in Neural Information Processing Systems (NeurIPS)},
  volume    = {25},
  year      = {2012},
  keywords  = {english},
  langid    = {english}
}

@article{pearson1901,
  author   = {Karl Pearson},
  title    = {On Lines and Planes of Closest Fit to Systems of Points in Space},
  journal  = {Philosophical Magazine},
  volume   = {2},
  number   = {11},
  pages    = {559--572},
  year     = {1901},
  keywords = {english},
  langid   = {english}
}

@article{hotelling1933,
  author   = {Harold Hotelling},
  title    = {Analysis of a Complex of Statistical Variables into Principal Components},
  journal  = {Journal of Educational Psychology},
  volume   = {24},
  number   = {6},
  pages    = {417--441},
  year     = {1933},
  keywords = {english},
  langid   = {english}
}

@article{golub1970,
  author   = {Gene H. Golub and Christian Reinsch},
  title    = {Singular Value Decomposition and Least Squares Solutions},
  journal  = {Numerische Mathematik},
  volume   = {14},
  pages    = {403--420},
  year     = {1970},
  keywords = {english},
  langid   = {english}
}

@article{hoerl1970,
  author   = {Arthur E. Hoerl and Robert W. Kennard},
  title    = {Ridge Regression: Biased Estimation for Nonorthogonal Problems},
  journal  = {Technometrics},
  volume   = {12},
  number   = {1},
  pages    = {55--67},
  year     = {1970},
  keywords = {english},
  langid   = {english}
}

@article{tibshirani1996,
  author   = {Robert Tibshirani},
  title    = {Regression Shrinkage and Selection via the Lasso},
  journal  = {Journal of the Royal Statistical Society: Series B},
  volume   = {58},
  number   = {1},
  pages    = {267--288},
  year     = {1996},
  keywords = {english},
  langid   = {english}
}

@article{chaman2021,
  author   = {Anadi Chaman and Ivan Dokmanic},
  title    = {Truly Generative or Just Extrapolation? On the Ability of Generative Models to Create Truly Novel Content},
  journal  = {arXiv preprint arXiv:2109.09018},
  year     = {2021},
  keywords = {english},
  langid   = {english}
}

@book{hastie2009,
  author    = {Trevor Hastie and Robert Tibshirani and Jerome Friedman},
  title     = {The Elements of Statistical Learning: Data Mining, Inference, and Prediction},
  edition   = {2nd},
  publisher = {Springer},
  address   = {New York, NY, USA},
  year      = {2009},
  keywords  = {english},
  langid    = {english}
}

% ===== פרק 3 =====

@article{galton1886,
  author   = {Francis Galton},
  title    = {Regression towards Mediocrity in Hereditary Stature},
  journal  = {Journal of the Anthropological Institute of Great Britain and Ireland},
  volume   = {15},
  pages    = {246--263},
  year     = {1886},
  keywords = {english},
  langid   = {english}
}

@article{pearson1896,
  author   = {Karl Pearson},
  title    = {Mathematical Contributions to the Theory of Evolution. III. Regression, Heredity, and Panmixia},
  journal  = {Philosophical Transactions of the Royal Society of London. Series A},
  volume   = {187},
  pages    = {253--318},
  year     = {1896},
  keywords = {english},
  langid   = {english}
}

@book{fisher1925,
  author    = {Ronald A. Fisher},
  title     = {Statistical Methods for Research Workers},
  publisher = {Oliver and Boyd},
  address   = {Edinburgh, UK},
  year      = {1925},
  keywords  = {english},
  langid   = {english}
}

@article{wright1921,
  author   = {Sewall Wright},
  title    = {Correlation and Causation},
  journal  = {Journal of Agricultural Research},
  volume   = {20},
  number   = {7},
  pages    = {557--585},
  year     = {1921},
  keywords = {english},
  langid   = {english}
}

@article{hill1965,
  author   = {Austin Bradford Hill},
  title    = {The Environment and Disease: Association or Causation?},
  journal  = {Proceedings of the Royal Society of Medicine},
  volume   = {58},
  number   = {5},
  pages    = {295--300},
  year     = {1965},
  keywords = {english},
  langid   = {english}
}

@book{pearl2009,
  author    = {Judea Pearl},
  title     = {Causality: Models, Reasoning, and Inference},
  edition   = {2nd},
  publisher = {Cambridge University Press},
  address   = {Cambridge, UK},
  year      = {2009},
  keywords  = {english},
  langid    = {english}
}

@book{vigen2015,
  author    = {Tyler Vigen},
  title     = {Spurious Correlations},
  publisher = {Hachette Books},
  address   = {New York, NY, USA},
  year      = {2015},
  keywords  = {english},
  langid    = {english}
}
